@article{2022urbanmobilitypaper,
    author = {{Andre de Palma, Shaghayegh Vosough, Feixiong Liao}},
    title = {An overview of effects of COVID-19 on mobility and lifestyle: 18 months since the outbreak},
    journal = {Transportation Research Part A: Policy and Practice},
    year = 2022
}
@misc{2022YellowTaxiData, 
  title = {TLC Trip Record Data},
  author = {{NYC Taxi and Limousine Commission (NYC TLC)}},
  howpublished = {\url{https://www.nyc.gov/site/tlc/about/tlc-trip-record-data.page}},
  note = {Accessed: 2023-07-29}
}
@misc{YellowTaxiDataDict,
  title = {TLC Yellow Trip Data Dictionary},
  author = {{NYC Taxi and Limousine Commission (NYC TLC)}},
  howpublished = {\url{https://www.nyc.gov/assets/tlc/downloads/pdf/data_dictionary_trip_records_yellow.pdf}},
  note = {Accessed: 2023-07-29}
}
@misc{SubwayRidership,
  title = {MTA Subway Hourly Ridership Beginning February 2022},
  author = {{Metropolitan Transportation Authority (MTA)}},
  howpublished = {\url{https://data.ny.gov/Transportation/MTA-Subway-Hourly-Ridership-Beginning-February-202/wujg-7c2s}},
  note = {Accessed: 2023-08-05}
}
@misc{SubwayDataDict,
  title = {MTA Subway Hourly Ridership Data Dictionary},
  author = {{Metropolitan Transportation Authority (MTA)}},
  howpublished = {\url{https://data.ny.gov/api/views/wujg-7c2s/files/8fa91ee5-b5ee-4e9f-8f48-63363fbbdb00?download=true&filename=MTA_SubwayHourlyRidership_DataDictionary.pdf}},
  note = {Accessed: 2023-08-05}
}
@misc{2021CovidRest,
  title = {Governer Cuomo Announces COVID-19 Restrictions Lifted as 70\% of Adult New Yorkers Have Received First Dose of COVID-19 Vaccine},
  author = {New York City State Government},
  howpublished = {\url{https://www.governor.ny.gov/news/governor-cuomo-announces-covid-19-restrictions-lifted-70-adult-new-yorkers-have-received-first}},
  note = {Accessed: 2023-08-14}
}
@misc{NYCArea,
  title = {NYC by the Numbers},
  author = {{Walks of New York}},
  howpublished = {\url{https://www.walksofnewyork.com/blog/nyc-by-the-numbers}},
  note = {Accessed: 2023-08-14}
}

@misc{TLCUserGuide,
  title = {Yellow Trips Data Dictionary},
  author = {{NYC Taxi and Limousine Commission (NYC TLC)}},
  howpublished = {\url{https://www.nyc.gov/assets/tlc/downloads/pdf/data_dictionary_trip_records_yellow.pdf}},
  note = {Accessed: 2023-07-29}
}

@misc{TLCTaxiFare,
  title = {Taxi Fare},
  author = {{NYC Taxi and Limousine Commission (NYC TLC)}},
  howpublished = {\url{https://www.nyc.gov/site/tlc/passengers/taxi-fare.page}},
  note = {Accessed: 2023-08-15}
}
@misc{TLCFAQ,
    title = {TLC Frequently Asked Questions},
    author = {NYC Taxi and Limousine Commission (NYC TLC)},
    howpublished = {\url{https://www.nyc.gov/site/tlc/passengers/passenger-frequently-asked-questions.page}},
    note = {Accessed: 2023-08-15}
}
@misc{MTARidership2020,
    title = {MTA Subway and Bus Ridership 2020},
    author = {Metropolitan Transportation Authority},
    howpublished = {\url{https://new.mta.info/agency/new-york-city-transit/subway-bus-ridership-2020}},
    note = {Accessed: 2023-08-15}
}
@online{NYCTolls,
    title = {How much are tolls in New York?},
    author = {Uproad},
    howpublished = {\url{https://www.uproad.com/blog/how-much-are-tolls-in-new-york}},
    note = {Accessed: 2023-08-20}
}
@online{NYCDistance,
    title = {NYC by the Numbers},
    author = {Walks of New York},
    howpublished = {\url{https://www.walksofnewyork.com/blog/nyc-by-the-numbers}},
    note = {Accessed: 2023-08-14}
}

@misc{RidgeReg,
    title = {What is Ridge Regression?},
    author = {Great Learning},
    howpublished = {\url{https://www.mygreatlearning.com/blog/what-is-ridge-regression}},
    note = {Accessed: 2023-8-14}
}
@misc{DTReg,
    title = {Decision Tree Regression Explained with Implementation in Python},
    author = {The Click Reader, Medium},
    howpublished = {\url{https://medium.com/@theclickreader/decision-tree-regression-explained-with-implementation-in-python-1e6e48aa7a47}},
    note = {Accessed: 2023-8-14}
}
